%% Saved with string encoding Unicode (UTF-8) 

@online{onl:DHBWLeitung,
	author = {DHBW},
	urldate = {2024-03-13},
	title = {Hochschulleitung},
	url = {https://www.dhbw.de/die-dhbw/hochschulleitung},
	year = {o.J.},
}

@online{onl:DHBW,
	author = {DHBW},
	urldate = {2024-03-13},
	title = {Die DHBW},
	url = {https://www.dhbw.de},
	year = {o.J.},
}

@inproceedings{Ancuti,
	abstract = {This paper describes a novel strategy to enhance underwater videos and images. Built on the fusion principles, our strategy derives the inputs and the weight measures only from the degraded version of the image. In order to overcome the limitations of the underwater medium we define two inputs that represent color corrected and contrast enhanced versions of the original underwater image/frame, but also four weight maps that aim to increase the visibility of the distant objects degraded due to the medium scattering and absorption. Our strategy is a single image approach that does not require specialized hardware or knowledge about the underwater conditions or scene structure. Our fusion framework also supports temporal coherence between adjacent frames by performing an effective edge preserving noise reduction strategy. The enhanced images and videos are characterized by reduced noise level, better exposed-ness of the dark regions, improved global contrast while the finest details and edges are enhanced significantly. In addition, the utility of our enhancing technique is proved for several challenging applications.},
	author = {Ancuti, C. and Ancuti, C.O. and Haber, T. and Bekaert, P.},
	booktitle = {IEEE Conference on Computer Vision and Pattern Recognition (CVPR)},
	doi = {10.1109/CVPR.2012.6247661},
	issn = {1063-6919},
	keywords = {image colour analysis;image denoising;image enhancement;image fusion;light absorption;light scattering;video signal processing;adjacent frames;color corrected version;contrast enhanced version;distant objects degradation;edge preserving noise reduction strategy;enhancing technique;fusion framework;fusion principles;global contrast;image fusion;medium absorption;medium scattering;reduced noise level;single image approach;temporal coherence;underwater conditions;underwater image enhancement;underwater scene structure;underwater videos enhancement;weight maps;Image color analysis;Image edge detection;Image restoration;Laplace equations;Lighting;Noise;Videos},
	pages = {81-88},
	title = {Enhancing underwater images and videos by fusion},
	year = {2012},
}

@misc{Umlauttest,
	author = {{\"a}{\"o}{\"u}{\ss}â‚¬},
	howpublished = {nur ein Test},
	title = {Umlaute: {\"A}{\"o}{\"u}{\ss}}}

@thesis{Boettger:Diplomarbeit,
	author = {B{\"o}ttger, Markus},
	edition = {1. Auflage},
	institution = {Universit{\"a}t Stuttgart},
	isbn = {978-384-28281-7-9},
	keywords = {Cloud computing. Hybrider Betrieb. On-Premise Software},
	publisher = {Diplomica Verlag GmbH},
	title = {Cloud Computing richtig gemacht: Ein Vorgehensmodell zur Auswahl von SaaS-Anwendungen: Am Beispiel eines hybriden Cloud-Ansatzes f{\"u}r Vertriebssoftware in KMU},
	type = {Diplomarbeit},
	year = {2012}}

@article{Carvalho:PJ:2012-1,
	author = {Rayans Carvalho and Francisco Reinaldo},
	journal = {The Prac\TeX\ Journal},
	number = {1},
	title = {Documenting ITIL processes with LaTeX (Portuguese)},
	url = {http://tug.org/pracjourn/2012-1/rayans},
	year = {2012},
}

@online{langeURL,
	author = {Google},
	title = {Lange URL als Herausforderung f{\"u}r den Zeilenumbruch},
	url = {http://www.google.de/search?q=biblatex+umbruch+url&hl=de&gbv=2&oq=biblatex+umbruch+url&gs_l=heirloom-serp.12...0.0.0.6831.0.0.0.0.0.0.0.0..0.0.msedr...0...1ac..34.heirloom-serp..0.0.0.5959BWSvzu0},
}

@manual{biblatex:manual,
	author = {Philipp Lehman},
	edition = {Version 2.9a},
	organization = {CTAN.org},
	title = {The Biblatex Package},
	url = {http://ctan.org/pkg/biblatex},
	year = {2014},
}

@inbook{Mann,
	address = {Wiesbaden},
	author = {Mann, D.},
	booktitle = {Cross-Cultural Innovation},
	editor = {J{\"o}stingmeier, B. and Boeddrich, H.-J.},
	pages = {45--61},
	publisher = {DUV},
	title = {Beyond Systematic Innovation},
	year = {2005}}

@report{mayer:PA1,
	author = {Lieschen Mayer},
	institution = {DHBW Stuttgart},
	subtitle = {Entwicklung eines Prototypen mit VBA},
	title = {Automatisierung von Zellformatierungen in Excel},
	type = {1. Projektarbeit},
	year = {2015}}

@report{mayerLukas:PA1,
	author = {Lukas Mayer},
	institution = {DHBW Stuttgart},
	title = {Unternehmenskommunikation mittels RFC822},
	type = {1. Projektarbeit},
	year = {2015}}

@manual{Win8,
	author = {Microsoft},
	edition = {Version 1.0},
	title = {Produkthandbuch f{\"u}r Windows 8 und Windows RT},
	year = {2012},
}

@book{MitZweiAutoren,
	author = {Max M{\"u}ller and Mayer, Lieschen},
	title = {Test},
	year = {2013}}

@book{MitDreiAutoren,
	author = {Max Muller and Mayer, Laura and Schulze, Werner},
	title = {Test},
	year = {2013}}

@book{OhneAutorenOhneJahr,
	author = {o.V.},
	title = {UnbekannterAutor, unbekannterTitel}}

@book{OhneAutorenOhneJahr2,
	author = {o.V.},
	title = {UnbekannterAutor, unbekannterTitel die Zweite}}

@book{OhneAutoren,
	author = {o.V.},
	title = {UnbekannterAutor},
	year = {2016}}

@book{Preiss,
	address = {M{\"u}nchen/Wien},
	author = {Prei{\ss}, N.},
	publisher = {Oldenbourg},
	title = {Entwurf und Verarbeitung relationaler Datenbanken},
	year = {2007}}

@online{SAP:HANA,
	author = {{SAP AG}},
	title = {Real-time Analysis of Complaints for Life Sciences},
	url = {http://hana.sap.com/abouthana/why-hana/usecases/real-time-analysis-complaints-life-sciences.html},
	urldate = {2015-01-05},
}

@book{Schlosser,
	author = {Schlosser, Joachim},
	edition = {5., {\"u}berarb. Aufl.},
	isbn = {978-3-8266-9486-8},
	publisher = {mitp-Verlag},
	title = {Wissenschaftliche Arbeiten schreiben mit LATEX: Leitfaden f{\"u}r Einsteiger},
	year = {2014},
}

@book{Staab,
	address = {M{\"u}nchen},
	author = {Staab, Frank},
	edition = {2., {\"u}berarb. Aufl.},
	isbn = {978-3-486-71697-9},
	pages = {148},
	publisher = {Oldenbourg},
	title = {Logik und Algebra: eine praxisbezogene Einf{\"u}hrung f{\"u}r Informatiker und Wirtschaftsinformatiker},
	year = {2012}}

@book{BuschlingerStaab,
	author = {Frank Staab},
	isbn = {978-3-519-02290-9},
	publisher = {Teubner},
	title = {{UNIX} f{\"u}r Software-Entwickler - Konzepte, Werkzeuge und Ideen},
	year = {1993}}

@article{Stoi,
	author = {Stoi, R.},
	journal = {Studium \& Praxis},
	number = {1},
	pages = {34--46},
	title = {Management und Controlling von Intangibles},
	volume = {4},
	year = {2003}}

@article{trautwein2011unternehmensplanspiele,
	author = {Trautwein, Christina},
	journal = {Analyse von Kompetenzerwerb, Motivation und Zufriedenheit am Beispiel des Unternehmensplanspiels TOPSIM--General Management II. Wiesbaden: Gabler},
	title = {Unternehmensplanspiele im industriebetrieblichen Hochschulstudium},
	volume = {147},
	year = {2011}}

@article{hitzler2011optimierung,
	author = {Trautwein, Friedrich},
	comment = {weitere Autoren: Hitzler, Sebastian and Z{\"u}rn, Birgit and},
	journal = {Planspiele--Qualit{\"a}t und Innovation: Neue Ans{\"a}tze aus Theorie und Praxis, hrsg. von: Hitzler, S},
	pages = {101--125},
	title = {Optimierung und Intensivierung des Einsatzes von Planspielen an Hochschulen},
	year = {2011}}

@article{trautwein2004berufliche,
	author = {Trautwein, Friedrich},
	journal = {Hohenheim: Verlag Wissenschaft und Praxis},
	title = {Berufliche Handlungskompetenz als Studienziel},
	year = {2004}}

@inbook{Trautwein:Nokia,
	address = {M{\"u}nchen},
	author = {Friedrich Trautwein and Christina Trautwein},
	booktitle = {Praxis der Unternehmensf{\"u}hrung},
	editor = {R. Dillerup and R. Stoi},
	pages = {81-84},
	publisher = {Vahlen Verlag},
	title = {Nokia k{\"a}mpft um die Vorherrschaft: Analyse der Mobiltelefonbranche},
	year = {2008}}

@inproceedings{Trautwein:Erfolgsfaktoren,
	author = {Friedrich Trautwein and Christina Trautwein},
	booktitle = {17. TOPSIM-Anwendertreffen},
	editor = {{Tata Interactive Systems GmbH}},
	title = {Erfolgsfaktoren beim internationalen Planspieleinsatz},
	year = {2008}}

@online{wiki:Wirtschaftsinformatik,
	author = {Wikipedia},
	title = {Wirtschaftsinformatik --- Wikipedia{,} Die freie Enzyklop{\"a}die},
	url = {http://de.wikipedia.org/w/index.php?title=Wirtschaftsinformatik&oldid=130413078},
	urldate = {2014-05-14},
}

@inbook{Wind,
	author = {Stefan Wind},
	booktitle = {Open Source - Konzepte, Risiken, Trends},
	editor = {Susanne Strahringer},
	publisher = {dpunkt.verlag GmbH},
	title = {Cloud Management mit Open-Source-Plattformen},
	year = {2012}}

@phdthesis{GuttenPlag,
	author = {Karl-Theodor {zu Guttenberg}},
	institution = {Universit{\"a}t Bayreuth},
	note = {Doktorgrad am 23.2.2011 aberkannt},
	title = {Verfassung und Verfassungsvertrag : konstitutionelle Entwicklungsstufen in den USA und der EU},
	type = {Dissertation},
	year = {2009}}

@book{keinAutorAberHerausgeber,
	editor = {Max Meier},
	location = {Bielefeld},
	publisher = {Nonsens-Verlag},
	title = {Buch ohne Autor, aber mit Herausgeber},
	year = {2020}}

@article{Primaerquelle,
	author = {Originalautor},
	journal = {Journal of Fake Sciences},
	keywords = {ausblenden},
	title = {Originalliteratur, die nicht direkt zitiert wird und auch nicht im Verzeichnis erscheinen soll},
	year = {2000}}

@book{Sekundaerquelle,
	author = {Sekund{\"a}rautor},
	title = {Sekund{\"a}rliteratur wird tats{\"a}chlich ins Verzeichnis aufgenommen},
	year = {2018}}
